@misc{Anexecut56:online,
author = {Michael Chui, Vishnu Kamalnath, Brian McCarthy},
title = {An executive's guide to AI | McKinsey},
howpublished = {\url{https://www.mckinsey.com/business-functions/mckinsey-analytics/our-insights/an-executives-guide-to-ai}},
month = {},
year = {2018},
note = {(Accessed on 09/18/2019)}
}

@misc{educatio96:online,
author = {Sandesh Chaurasia},
title = {education: Indian school kids lose grip on math, science as they go up - The Economic Times},
howpublished = {\url{https://economictimes.indiatimes.com/industry/services/education/indian-school-kids-lose-grip-on-math-science-as-they-go-up/articleshow/65196841.cms}},
month = {},
year = {},
note = {(Accessed on 09/18/2019)}
}